%YAML 1.1
%TAG !u! tag:unity3d.com,2011:
--- !u!114 &5406815919856641399
MonoBehaviour:
  m_ObjectHideFlags: 0
  m_CorrespondingSourceObject: {fileID: 0}
  m_PrefabInstance: {fileID: 0}
  m_PrefabAsset: {fileID: 0}
  m_GameObject: {fileID: 3494809311994374248}
  m_Enabled: 1
  m_EditorHideFlags: 0
  m_Script: {fileID: 11500000, guid: eba6d75e59688c44086f5ee03ed4e7a4, type: 3}
  m_Name: 
  m_EditorClassIdentifier: 
  _imageDisplay: {fileID: 5041804551429379576}
  _title: {fileID: 3494809313216191971}
  _completeGO: {fileID: 2051623490907769590}
--- !u!1 &2051623490907769590
GameObject:
  m_ObjectHideFlags: 0
  m_CorrespondingSourceObject: {fileID: 0}
  m_PrefabInstance: {fileID: 0}
  m_PrefabAsset: {fileID: 0}
  serializedVersion: 6
  m_Component:
  - component: {fileID: 7676938764099089387}
  - component: {fileID: 7352941779259945882}
  - component: {fileID: 1440934837878391078}
  m_Layer: 5
  m_Name: DF_Image
  m_TagString: Untagged
  m_Icon: {fileID: 0}
  m_NavMeshLayer: 0
  m_StaticEditorFlags: 0
  m_IsActive: 1
--- !u!224 &7676938764099089387
RectTransform:
  m_ObjectHideFlags: 0
  m_CorrespondingSourceObject: {fileID: 0}
  m_PrefabInstance: {fileID: 0}
  m_PrefabAsset: {fileID: 0}
  m_GameObject: {fileID: 2051623490907769590}
  m_LocalRotation: {x: 0, y: 0, z: 0, w: 1}
  m_LocalPosition: {x: 0, y: 0, z: 0}
  m_LocalScale: {x: 1, y: 1, z: 1}
  m_Children:
  - {fileID: 6658229353657108409}
  - {fileID: 1865829018088078515}
  m_Father: {fileID: 3494809311994374249}
  m_RootOrder: 1
  m_LocalEulerAnglesHint: {x: 0, y: 0, z: 0}
  m_AnchorMin: {x: 0.65, y: 0.7}
  m_AnchorMax: {x: 1, y: 1}
  m_AnchoredPosition: {x: 0, y: 0}
  m_SizeDelta: {x: 0, y: 0}
  m_Pivot: {x: 0.5, y: 0.5}
--- !u!222 &7352941779259945882
CanvasRenderer:
  m_ObjectHideFlags: 0
  m_CorrespondingSourceObject: {fileID: 0}
  m_PrefabInstance: {fileID: 0}
  m_PrefabAsset: {fileID: 0}
  m_GameObject: {fileID: 2051623490907769590}
  m_CullTransparentMesh: 1
--- !u!114 &1440934837878391078
MonoBehaviour:
  m_ObjectHideFlags: 0
  m_CorrespondingSourceObject: {fileID: 0}
  m_PrefabInstance: {fileID: 0}
  m_PrefabAsset: {fileID: 0}
  m_GameObject: {fileID: 2051623490907769590}
  m_Enabled: 1
  m_EditorHideFlags: 0
  m_Script: {fileID: 11500000, guid: cc2d45f0b81d51d4bbdf77be6db2fa8d, type: 3}
  m_Name: 
  m_EditorClassIdentifier: 
  m_Material: {fileID: 0}
  m_Color: {r: 0.8980393, g: 0.09803922, b: 0.09803922, a: 1}
  m_RaycastTarget: 0
  m_RaycastPadding: {x: 0, y: 0, z: 0, w: 0}
  m_Maskable: 1
  m_OnCullStateChanged:
    m_PersistentCalls:
      m_Calls: []
  m_Sprite: {fileID: 21300000, guid: 541e04fec278534498baa94b0ede8b8e, type: 3}
  m_Type: 0
  m_PreserveAspect: 0
  m_FillCenter: 1
  m_FillMethod: 4
  m_FillAmount: 1
  m_FillClockwise: 1
  m_FillOrigin: 0
  m_UseSpriteMesh: 0
  m_PixelsPerUnitMultiplier: 1
  _useSkin: 1
  _currentColorIndex: 1
--- !u!1 &6365624861700933134
GameObject:
  m_ObjectHideFlags: 0
  m_CorrespondingSourceObject: {fileID: 0}
  m_PrefabInstance: {fileID: 0}
  m_PrefabAsset: {fileID: 0}
  serializedVersion: 6
  m_Component:
  - component: {fileID: 1865829018088078515}
  - component: {fileID: 6595321992911405856}
  - component: {fileID: 655736072034874639}
  m_Layer: 5
  m_Name: DF_Image
  m_TagString: Untagged
  m_Icon: {fileID: 0}
  m_NavMeshLayer: 0
  m_StaticEditorFlags: 0
  m_IsActive: 1
--- !u!224 &1865829018088078515
RectTransform:
  m_ObjectHideFlags: 0
  m_CorrespondingSourceObject: {fileID: 0}
  m_PrefabInstance: {fileID: 0}
  m_PrefabAsset: {fileID: 0}
  m_GameObject: {fileID: 6365624861700933134}
  m_LocalRotation: {x: 0, y: 0, z: 0, w: 1}
  m_LocalPosition: {x: 0, y: 0, z: 0}
  m_LocalScale: {x: 1, y: 1, z: 1}
  m_Children: []
  m_Father: {fileID: 7676938764099089387}
  m_RootOrder: 1
  m_LocalEulerAnglesHint: {x: 0, y: 0, z: 0}
  m_AnchorMin: {x: 0.25, y: 0.7}
  m_AnchorMax: {x: 0.75, y: 0.9}
  m_AnchoredPosition: {x: 0, y: 0}
  m_SizeDelta: {x: 0, y: 0}
  m_Pivot: {x: 0.5, y: 0.5}
--- !u!222 &6595321992911405856
CanvasRenderer:
  m_ObjectHideFlags: 0
  m_CorrespondingSourceObject: {fileID: 0}
  m_PrefabInstance: {fileID: 0}
  m_PrefabAsset: {fileID: 0}
  m_GameObject: {fileID: 6365624861700933134}
  m_CullTransparentMesh: 1
--- !u!114 &655736072034874639
MonoBehaviour:
  m_ObjectHideFlags: 0
  m_CorrespondingSourceObject: {fileID: 0}
  m_PrefabInstance: {fileID: 0}
  m_PrefabAsset: {fileID: 0}
  m_GameObject: {fileID: 6365624861700933134}
  m_Enabled: 1
  m_EditorHideFlags: 0
  m_Script: {fileID: 11500000, guid: cc2d45f0b81d51d4bbdf77be6db2fa8d, type: 3}
  m_Name: 
  m_EditorClassIdentifier: 
  m_Material: {fileID: 0}
  m_Color: {r: 0.937255, g: 0.9137256, b: 0.8274511, a: 1}
  m_RaycastTarget: 0
  m_RaycastPadding: {x: 0, y: 0, z: 0, w: 0}
  m_Maskable: 1
  m_OnCullStateChanged:
    m_PersistentCalls:
      m_Calls: []
  m_Sprite: {fileID: 21300000, guid: 01bbe0795569ebe4395c6a1a61626ce4, type: 3}
  m_Type: 0
  m_PreserveAspect: 1
  m_FillCenter: 1
  m_FillMethod: 4
  m_FillAmount: 1
  m_FillClockwise: 1
  m_FillOrigin: 0
  m_UseSpriteMesh: 0
  m_PixelsPerUnitMultiplier: 1
  _useSkin: 1
  _currentColorIndex: 2
--- !u!1 &7675655072855669446
GameObject:
  m_ObjectHideFlags: 0
  m_CorrespondingSourceObject: {fileID: 0}
  m_PrefabInstance: {fileID: 0}
  m_PrefabAsset: {fileID: 0}
  serializedVersion: 6
  m_Component:
  - component: {fileID: 6658229353657108409}
  - component: {fileID: 4663373511206312410}
  - component: {fileID: 6675851001555764607}
  m_Layer: 5
  m_Name: DF_Image
  m_TagString: Untagged
  m_Icon: {fileID: 0}
  m_NavMeshLayer: 0
  m_StaticEditorFlags: 0
  m_IsActive: 1
--- !u!224 &6658229353657108409
RectTransform:
  m_ObjectHideFlags: 0
  m_CorrespondingSourceObject: {fileID: 0}
  m_PrefabInstance: {fileID: 0}
  m_PrefabAsset: {fileID: 0}
  m_GameObject: {fileID: 7675655072855669446}
  m_LocalRotation: {x: 0, y: 0, z: 0, w: 1}
  m_LocalPosition: {x: 0, y: 0, z: 0}
  m_LocalScale: {x: 1, y: 1, z: 1}
  m_Children: []
  m_Father: {fileID: 7676938764099089387}
  m_RootOrder: 0
  m_LocalEulerAnglesHint: {x: 0, y: 0, z: 0}
  m_AnchorMin: {x: 0.25, y: 0}
  m_AnchorMax: {x: 0.75, y: 1}
  m_AnchoredPosition: {x: 0, y: 0}
  m_SizeDelta: {x: 0, y: 0}
  m_Pivot: {x: 0.5, y: 0.5}
--- !u!222 &4663373511206312410
CanvasRenderer:
  m_ObjectHideFlags: 0
  m_CorrespondingSourceObject: {fileID: 0}
  m_PrefabInstance: {fileID: 0}
  m_PrefabAsset: {fileID: 0}
  m_GameObject: {fileID: 7675655072855669446}
  m_CullTransparentMesh: 1
--- !u!114 &6675851001555764607
MonoBehaviour:
  m_ObjectHideFlags: 0
  m_CorrespondingSourceObject: {fileID: 0}
  m_PrefabInstance: {fileID: 0}
  m_PrefabAsset: {fileID: 0}
  m_GameObject: {fileID: 7675655072855669446}
  m_Enabled: 1
  m_EditorHideFlags: 0
  m_Script: {fileID: 11500000, guid: cc2d45f0b81d51d4bbdf77be6db2fa8d, type: 3}
  m_Name: 
  m_EditorClassIdentifier: 
  m_Material: {fileID: 0}
  m_Color: {r: 0.937255, g: 0.9137256, b: 0.8274511, a: 1}
  m_RaycastTarget: 0
  m_RaycastPadding: {x: 0, y: 0, z: 0, w: 0}
  m_Maskable: 1
  m_OnCullStateChanged:
    m_PersistentCalls:
      m_Calls: []
  m_Sprite: {fileID: 21300000, guid: 3f42666cdae0b3648859a7b23d7b7c35, type: 3}
  m_Type: 0
  m_PreserveAspect: 1
  m_FillCenter: 1
  m_FillMethod: 4
  m_FillAmount: 1
  m_FillClockwise: 1
  m_FillOrigin: 0
  m_UseSpriteMesh: 0
  m_PixelsPerUnitMultiplier: 1
  _useSkin: 1
  _currentColorIndex: 2
--- !u!1001 &1514558525546890613
PrefabInstance:
  m_ObjectHideFlags: 0
  serializedVersion: 2
  m_Modification:
    m_TransformParent: {fileID: 0}
    m_Modifications:
    - target: {fileID: 2703501703887842588, guid: eef934157d6ccac40a4719513110a4a4, type: 3}
      propertyPath: m_Pivot.x
      value: 0.5
      objectReference: {fileID: 0}
    - target: {fileID: 2703501703887842588, guid: eef934157d6ccac40a4719513110a4a4, type: 3}
      propertyPath: m_Pivot.y
      value: 0.5
      objectReference: {fileID: 0}
    - target: {fileID: 2703501703887842588, guid: eef934157d6ccac40a4719513110a4a4, type: 3}
      propertyPath: m_RootOrder
      value: 0
      objectReference: {fileID: 0}
    - target: {fileID: 2703501703887842588, guid: eef934157d6ccac40a4719513110a4a4, type: 3}
      propertyPath: m_AnchorMax.x
      value: 0
      objectReference: {fileID: 0}
    - target: {fileID: 2703501703887842588, guid: eef934157d6ccac40a4719513110a4a4, type: 3}
      propertyPath: m_AnchorMax.y
      value: 0
      objectReference: {fileID: 0}
    - target: {fileID: 2703501703887842588, guid: eef934157d6ccac40a4719513110a4a4, type: 3}
      propertyPath: m_AnchorMin.x
      value: 0
      objectReference: {fileID: 0}
    - target: {fileID: 2703501703887842588, guid: eef934157d6ccac40a4719513110a4a4, type: 3}
      propertyPath: m_AnchorMin.y
      value: 0
      objectReference: {fileID: 0}
    - target: {fileID: 2703501703887842588, guid: eef934157d6ccac40a4719513110a4a4, type: 3}
      propertyPath: m_SizeDelta.x
      value: 400
      objectReference: {fileID: 0}
    - target: {fileID: 2703501703887842588, guid: eef934157d6ccac40a4719513110a4a4, type: 3}
      propertyPath: m_SizeDelta.y
      value: 550
      objectReference: {fileID: 0}
    - target: {fileID: 2703501703887842588, guid: eef934157d6ccac40a4719513110a4a4, type: 3}
      propertyPath: m_LocalPosition.x
      value: 0
      objectReference: {fileID: 0}
    - target: {fileID: 2703501703887842588, guid: eef934157d6ccac40a4719513110a4a4, type: 3}
      propertyPath: m_LocalPosition.y
      value: 0
      objectReference: {fileID: 0}
    - target: {fileID: 2703501703887842588, guid: eef934157d6ccac40a4719513110a4a4, type: 3}
      propertyPath: m_LocalPosition.z
      value: 0
      objectReference: {fileID: 0}
    - target: {fileID: 2703501703887842588, guid: eef934157d6ccac40a4719513110a4a4, type: 3}
      propertyPath: m_LocalRotation.w
      value: 1
      objectReference: {fileID: 0}
    - target: {fileID: 2703501703887842588, guid: eef934157d6ccac40a4719513110a4a4, type: 3}
      propertyPath: m_LocalRotation.x
      value: 0
      objectReference: {fileID: 0}
    - target: {fileID: 2703501703887842588, guid: eef934157d6ccac40a4719513110a4a4, type: 3}
      propertyPath: m_LocalRotation.y
      value: 0
      objectReference: {fileID: 0}
    - target: {fileID: 2703501703887842588, guid: eef934157d6ccac40a4719513110a4a4, type: 3}
      propertyPath: m_LocalRotation.z
      value: 0
      objectReference: {fileID: 0}
    - target: {fileID: 2703501703887842588, guid: eef934157d6ccac40a4719513110a4a4, type: 3}
      propertyPath: m_AnchoredPosition.x
      value: 0
      objectReference: {fileID: 0}
    - target: {fileID: 2703501703887842588, guid: eef934157d6ccac40a4719513110a4a4, type: 3}
      propertyPath: m_AnchoredPosition.y
      value: 0
      objectReference: {fileID: 0}
    - target: {fileID: 2703501703887842588, guid: eef934157d6ccac40a4719513110a4a4, type: 3}
      propertyPath: m_LocalEulerAnglesHint.x
      value: 0
      objectReference: {fileID: 0}
    - target: {fileID: 2703501703887842588, guid: eef934157d6ccac40a4719513110a4a4, type: 3}
      propertyPath: m_LocalEulerAnglesHint.y
      value: 0
      objectReference: {fileID: 0}
    - target: {fileID: 2703501703887842588, guid: eef934157d6ccac40a4719513110a4a4, type: 3}
      propertyPath: m_LocalEulerAnglesHint.z
      value: 0
      objectReference: {fileID: 0}
    - target: {fileID: 2703501703887842589, guid: eef934157d6ccac40a4719513110a4a4, type: 3}
      propertyPath: m_Name
      value: Collection Element
      objectReference: {fileID: 0}
    - target: {fileID: 7018179945231610404, guid: eef934157d6ccac40a4719513110a4a4, type: 3}
      propertyPath: m_Interactable
      value: 1
      objectReference: {fileID: 0}
    - target: {fileID: 7018179945231610404, guid: eef934157d6ccac40a4719513110a4a4, type: 3}
      propertyPath: m_OnClick.m_PersistentCalls.m_Calls.Array.data[0].m_Target
      value: 
      objectReference: {fileID: 5406815919856641399}
    - target: {fileID: 7018179945231610404, guid: eef934157d6ccac40a4719513110a4a4, type: 3}
      propertyPath: m_OnClick.m_PersistentCalls.m_Calls.Array.data[0].m_MethodName
      value: Btn_Select
      objectReference: {fileID: 0}
    - target: {fileID: 7018179945231610404, guid: eef934157d6ccac40a4719513110a4a4, type: 3}
      propertyPath: m_OnClick.m_PersistentCalls.m_Calls.Array.data[0].m_TargetAssemblyTypeName
      value: DepthFactory.GamesPiecesInventory.CollectionElement, Assembly-CSharp
      objectReference: {fileID: 0}
    m_RemovedComponents:
    - {fileID: 1979432675324466800, guid: eef934157d6ccac40a4719513110a4a4, type: 3}
  m_SourcePrefab: {fileID: 100100000, guid: eef934157d6ccac40a4719513110a4a4, type: 3}
--- !u!1 &3494809311994374248 stripped
GameObject:
  m_CorrespondingSourceObject: {fileID: 2703501703887842589, guid: eef934157d6ccac40a4719513110a4a4, type: 3}
  m_PrefabInstance: {fileID: 1514558525546890613}
  m_PrefabAsset: {fileID: 0}
--- !u!224 &3494809311994374249 stripped
RectTransform:
  m_CorrespondingSourceObject: {fileID: 2703501703887842588, guid: eef934157d6ccac40a4719513110a4a4, type: 3}
  m_PrefabInstance: {fileID: 1514558525546890613}
  m_PrefabAsset: {fileID: 0}
--- !u!114 &5041804551429379576 stripped
MonoBehaviour:
  m_CorrespondingSourceObject: {fileID: 5835781602439221389, guid: eef934157d6ccac40a4719513110a4a4, type: 3}
  m_PrefabInstance: {fileID: 1514558525546890613}
  m_PrefabAsset: {fileID: 0}
  m_GameObject: {fileID: 3494809311994374248}
  m_Enabled: 1
  m_EditorHideFlags: 0
  m_Script: {fileID: 11500000, guid: cb8f902abdf977f4f9781e07828214ba, type: 3}
  m_Name: 
  m_EditorClassIdentifier: 
--- !u!114 &3494809313216191971 stripped
MonoBehaviour:
  m_CorrespondingSourceObject: {fileID: 2703501702668572822, guid: eef934157d6ccac40a4719513110a4a4, type: 3}
  m_PrefabInstance: {fileID: 1514558525546890613}
  m_PrefabAsset: {fileID: 0}
  m_GameObject: {fileID: 0}
  m_Enabled: 1
  m_EditorHideFlags: 0
  m_Script: {fileID: 11500000, guid: f4688fdb7df04437aeb418b961361dc5, type: 3}
  m_Name: 
  m_EditorClassIdentifier: 
